<?xml version="1.0" encoding="UTF-8"?><collection xmlns="http://www.loc.gov/MARC21/slim"><record><leader>00395nam--2200145-i-4500</leader><controlfield tag="001">000049750</controlfield><controlfield tag="002">20161230</controlfield><controlfield tag="005">20170106170935</controlfield><controlfield tag="008">060222s1000------------r-----000-0-eng-d</controlfield><datafield ind1=" " ind2=" " tag="080"><subfield code="a">543.42</subfield></datafield><datafield ind1=" " ind2=" " tag="245"><subfield code="a">Atlas spektralnyh linii dlia stekliannovo spektrografa</subfield></datafield><datafield ind1=" " ind2=" " tag="260"><subfield code="a">Alma-Ata</subfield><subfield code="b">Izd. Akad.Nauk Kazahskoi SSR</subfield><subfield code="c">1960</subfield></datafield><datafield ind1=" " ind2=" " tag="300"><subfield code="a">62s. Tekst + Pl</subfield></datafield><datafield ind1=" " ind2=" " tag="852"><subfield code="a">7344</subfield></datafield><datafield ind1=" " ind2=" " tag="CAT"><subfield code="a">SYS</subfield><subfield code="c">20170106</subfield><subfield code="h">170935</subfield></datafield></record></collection>